@techreport{GALFAbeam,
    author    = {{Heiles}, C.},
    title     = "{Accurate Parametric Representation of ALFA Main Beams and
    First Sidelobes, 1344-1444 MHz}",
    institution = "GALFA",
    number   = "2004-11",
    year      = "2004",
    month    = "12",
    note     = "http://www.astro.cornell.edu/~haynes/pre204/docs/heiles_beams.pdf",
}

@ARTICLE{2006MNRAS.371.1617A,
   author = {{Auld}, R. and {Minchin}, R.~F. and {Davies}, J.~I. and {Catinella}, B. and 
	{van Driel}, W. and {Henning}, P.~A. and {Linder}, S. and {Momjian}, E. and 
	{Muller}, E. and {O'Neil}, K. and {Sabatini}, S. and {Schneider}, S. and 
	{Bothun}, G. and {Cortese}, L. and {Disney}, M. and {Hoffman}, G.~L. and 
	{Putman}, M. and {Rosenberg}, J.~L. and {Baes}, M. and {de Blok}, W.~J.~G. and 
	{Boselli}, A. and {Brinks}, E. and {Brosch}, N. and {Irwin}, J. and 
	{Karachentsev}, I.~D. and {Kilborn}, V.~A. and {Koribalski}, B. and 
	{Spekkens}, K.},
    title = "{The Arecibo Galaxy Environment Survey: precursor observations of the NGC 628 group}",
  journal = {\mnras},
   eprint = {astro-ph/0607452},
 keywords = {surveys: Galaxy: evolution: galaxies: fundamental parameters: galaxies: luminosity function, mass function: galaxies: structure, surveys, Galaxy: evolution, galaxies: fundamental parameters, galaxies: luminosity function, mass function, galaxies: structure},
     year = 2006,
    month = oct,
   volume = 371,
    pages = {1617-1640},
      doi = {10.1111/j.1365-2966.2006.10761.x},
   adsurl = {http://adsabs.harvard.edu/abs/2006MNRAS.371.1617A},
  adsnote = {Provided by the SAO/NASA Astrophysics Data System}
}

@ARTICLE{2006ApJ...637..446C,
   author = {{Cordes}, J.~M. and {Freire}, P.~C.~C. and {Lorimer}, D.~R. and 
	{Camilo}, F. and {Champion}, D.~J. and {Nice}, D.~J. and {Ramachandran}, R. and 
	{Hessels}, J.~W.~T. and {Vlemmings}, W. and {van Leeuwen}, J. and 
	{Ransom}, S.~M. and {Bhat}, N.~D.~R. and {Arzoumanian}, Z. and 
	{McLaughlin}, M.~A. and {Kaspi}, V.~M. and {Kasian}, L. and 
	{Deneva}, J.~S. and {Reid}, B. and {Chatterjee}, S. and {Han}, J.~L. and 
	{Backer}, D.~C. and {Stairs}, I.~H. and {Deshpande}, A.~A. and 
	{Faucher-Gigu{\`e}re}, C.-A.},
    title = "{Arecibo Pulsar Survey Using ALFA. I. Survey Strategy and First Discoveries}",
  journal = {\apj},
   eprint = {astro-ph/0509732},
 keywords = {Stars: Pulsars: General, pulsars: individual (PSR J0628+09), pulsars: individual (PSR J1906+07), pulsars: individual (PSR J1928+1746), Surveys},
     year = 2006,
    month = jan,
   volume = 637,
    pages = {446-455},
      doi = {10.1086/498335},
   adsurl = {http://adsabs.harvard.edu/abs/2006ApJ...637..446C},
  adsnote = {Provided by the SAO/NASA Astrophysics Data System}
}

@ARTICLE{2013MNRAS.436L...5L,
   author = {{Lorimer}, D.~R. and {Karastergiou}, A. and {McLaughlin}, M.~A. and 
	{Johnston}, S.},
    title = "{On the detectability of extragalactic fast radio transients}",
  journal = {\mnras},
archivePrefix = "arXiv",
   eprint = {1307.1200},
 primaryClass = "astro-ph.HE",
 keywords = {scattering, intergalactic medium, cosmology: theory},
     year = 2013,
    month = nov,
   volume = 436,
    pages = {L5-L9},
      doi = {10.1093/mnrasl/slt098},
   adsurl = {http://adsabs.harvard.edu/abs/2013MNRAS.436L...5L},
  adsnote = {Provided by the SAO/NASA Astrophysics Data System}
}

@ARTICLE{2015MNRAS.451.3278M,
   author = {{Macquart}, J.-P. and {Johnston}, S.},
    title = "{On the paucity of fast radio bursts at low Galactic latitudes}",
  journal = {\mnras},
archivePrefix = "arXiv",
   eprint = {1505.05893},
 primaryClass = "astro-ph.HE",
 keywords = {scattering, surveys, ISM: general},
     year = 2015,
    month = aug,
   volume = 451,
    pages = {3278-3286},
      doi = {10.1093/mnras/stv1184},
   adsurl = {http://adsabs.harvard.edu/abs/2015MNRAS.451.3278M},
  adsnote = {Provided by the SAO/NASA Astrophysics Data System}
}

@ARTICLE{2015MNRAS.452.1254K,
   author = {{Karastergiou}, A. and {Chennamangalam}, J. and {Armour}, W. and 
	{Williams}, C. and {Mort}, B. and {Dulwich}, F. and {Salvini}, S. and 
	{Magro}, A. and {Roberts}, S. and {Serylak}, M. and {Doo}, A. and 
	{Bilous}, A.~V. and {Breton}, R.~P. and {Falcke}, H. and {Grie{\ss}meier}, J.-M. and 
	{Hessels}, J.~W.~T. and {Keane}, E.~F. and {Kondratiev}, V.~I. and 
	{Kramer}, M. and {van Leeuwen}, J. and {Noutsos}, A. and {Os{\l}owski}, S. and 
	{Sobey}, C. and {Stappers}, B.~W. and {Weltevrede}, P.},
    title = "{Limits on fast radio bursts at 145 MHz with ARTEMIS, a real-time software backend}",
  journal = {\mnras},
archivePrefix = "arXiv",
   eprint = {1506.03370},
 primaryClass = "astro-ph.IM",
 keywords = {instrumentation: miscellaneous, pulsars: general},
     year = 2015,
    month = sep,
   volume = 452,
    pages = {1254-1262},
      doi = {10.1093/mnras/stv1306},
   adsurl = {http://adsabs.harvard.edu/abs/2015MNRAS.452.1254K},
  adsnote = {Provided by the SAO/NASA Astrophysics Data System}
}

@ARTICLE{2016PASA...33...45P,
   author = {{Petroff}, E. and {Barr}, E.~D. and {Jameson}, A. and {Keane}, E.~F. and 
	{Bailes}, M. and {Kramer}, M. and {Morello}, V. and {Tabbara}, D. and 
	{van Straten}, W.},
    title = "{FRBCAT: The Fast Radio Burst Catalogue}",
  journal = {\pasa},
archivePrefix = "arXiv",
   eprint = {1601.03547},
 primaryClass = "astro-ph.HE",
 keywords = {catalogs, methods: data analysis, telescopes},
     year = 2016,
    month = sep,
   volume = 33,
      eid = {e045},
    pages = {e045},
      doi = {10.1017/pasa.2016.35},
   adsurl = {http://adsabs.harvard.edu/abs/2016PASA...33...45P},
  adsnote = {Provided by the SAO/NASA Astrophysics Data System}
}

@ARTICLE{2017ApJS..228...21C,
   author = {{Chennamangalam}, J. and {MacMahon}, D. and {Cobb}, J. and {Karastergiou}, A. and 
	{Siemion}, A.~P.~V. and {Rajwade}, K. and {Armour}, W. and {Gajjar}, V. and 
	{Lorimer}, D.~R. and {McLaughlin}, M.~A. and {Werthimer}, D. and 
	{Williams}, C.},
    title = "{SETIBURST: A Robotic, Commensal, Realtime Multi-science Backend for the Arecibo Telescope}",
  journal = {\apjs},
archivePrefix = "arXiv",
   eprint = {1701.04538},
 primaryClass = "astro-ph.IM",
 keywords = {extraterrestrial intelligence, instrumentation: miscellaneous, pulsars: general},
     year = 2017,
    month = feb,
   volume = 228,
      eid = {21},
    pages = {21},
      doi = {10.3847/1538-4365/228/2/21},
   adsurl = {http://adsabs.harvard.edu/abs/2017ApJS..228...21C},
  adsnote = {Provided by the SAO/NASA Astrophysics Data System}
}


@ARTICLE{2014ApJ...790..101S,
   author = {{Spitler}, L.~G. and {Cordes}, J.~M. and {Hessels}, J.~W.~T. and 
	{Lorimer}, D.~R. and {McLaughlin}, M.~A. and {Chatterjee}, S. and 
	{Crawford}, F. and {Deneva}, J.~S. and {Kaspi}, V.~M. and {Wharton}, R.~S. and 
	{Allen}, B. and {Bogdanov}, S. and {Brazier}, A. and {Camilo}, F. and 
	{Freire}, P.~C.~C. and {Jenet}, F.~A. and {Karako-Argaman}, C. and 
	{Knispel}, B. and {Lazarus}, P. and {Lee}, K.~J. and {van Leeuwen}, J. and 
	{Lynch}, R. and {Ransom}, S.~M. and {Scholz}, P. and {Siemens}, X. and 
	{Stairs}, I.~H. and {Stovall}, K. and {Swiggum}, J.~K. and {Venkataraman}, A. and 
	{Zhu}, W.~W. and {Aulbert}, C. and {Fehrmann}, H.},
    title = "{Fast Radio Burst Discovered in the Arecibo Pulsar ALFA Survey}",
  journal = {\apj},
archivePrefix = "arXiv",
   eprint = {1404.2934},
 primaryClass = "astro-ph.HE",
 keywords = {pulsars: general},
     year = 2014,
    month = aug,
   volume = 790,
      eid = {101},
    pages = {101},
      doi = {10.1088/0004-637X/790/2/101},
   adsurl = {http://adsabs.harvard.edu/abs/2014ApJ...790..101S},
  adsnote = {Provided by the SAO/NASA Astrophysics Data System}
}


@ARTICLE{2016Natur.531..202S,
   author = {{Spitler}, L.~G. and {Scholz}, P. and {Hessels}, J.~W.~T. and 
	{Bogdanov}, S. and {Brazier}, A. and {Camilo}, F. and {Chatterjee}, S. and 
	{Cordes}, J.~M. and {Crawford}, F. and {Deneva}, J. and {Ferdman}, R.~D. and 
	{Freire}, P.~C.~C. and {Kaspi}, V.~M. and {Lazarus}, P. and 
	{Lynch}, R. and {Madsen}, E.~C. and {McLaughlin}, M.~A. and 
	{Patel}, C. and {Ransom}, S.~M. and {Seymour}, A. and {Stairs}, I.~H. and 
	{Stappers}, B.~W. and {van Leeuwen}, J. and {Zhu}, W.~W.},
    title = "{A repeating fast radio burst}",
  journal = {\nat},
archivePrefix = "arXiv",
   eprint = {1603.00581},
 primaryClass = "astro-ph.HE",
     year = 2016,
    month = mar,
   volume = 531,
    pages = {202-205},
      doi = {10.1038/nature17168},
   adsurl = {http://adsabs.harvard.edu/abs/2016Natur.531..202S},
  adsnote = {Provided by the SAO/NASA Astrophysics Data System}
}

@ARTICLE{2016ApJ...833..177S,
   author = {{Scholz}, P. and {Spitler}, L.~G. and {Hessels}, J.~W.~T. and 
	{Chatterjee}, S. and {Cordes}, J.~M. and {Kaspi}, V.~M. and 
	{Wharton}, R.~S. and {Bassa}, C.~G. and {Bogdanov}, S. and {Camilo}, F. and 
	{Crawford}, F. and {Deneva}, J. and {van Leeuwen}, J. and {Lynch}, R. and 
	{Madsen}, E.~C. and {McLaughlin}, M.~A. and {Mickaliger}, M. and 
	{Parent}, E. and {Patel}, C. and {Ransom}, S.~M. and {Seymour}, A. and 
	{Stairs}, I.~H. and {Stappers}, B.~W. and {Tendulkar}, S.~P.
	},
    title = "{The Repeating Fast Radio Burst FRB 121102: Multi-wavelength Observations and Additional Bursts}",
  journal = {\apj},
archivePrefix = "arXiv",
   eprint = {1603.08880},
 primaryClass = "astro-ph.HE",
 keywords = {pulsars: general, radio continuum: general, stars: neutron, X-rays: general},
     year = 2016,
    month = dec,
   volume = 833,
      eid = {177},
    pages = {177},
      doi = {10.3847/1538-4357/833/2/177},
   adsurl = {http://adsabs.harvard.edu/abs/2016ApJ...833..177S},
  adsnote = {Provided by the SAO/NASA Astrophysics Data System}
}

@ARTICLE{2017ApJ...834L...8M,
   author = {{Marcote}, B. and {Paragi}, Z. and {Hessels}, J.~W.~T. and {Keimpema}, A. and 
	{van Langevelde}, H.~J. and {Huang}, Y. and {Bassa}, C.~G. and 
	{Bogdanov}, S. and {Bower}, G.~C. and {Burke-Spolaor}, S. and 
	{Butler}, B.~J. and {Campbell}, R.~M. and {Chatterjee}, S. and 
	{Cordes}, J.~M. and {Demorest}, P. and {Garrett}, M.~A. and 
	{Ghosh}, T. and {Kaspi}, V.~M. and {Law}, C.~J. and {Lazio}, T.~J.~W. and 
	{McLaughlin}, M.~A. and {Ransom}, S.~M. and {Salter}, C.~J. and 
	{Scholz}, P. and {Seymour}, A. and {Siemion}, A. and {Spitler}, L.~G. and 
	{Tendulkar}, S.~P. and {Wharton}, R.~S.},
    title = "{The Repeating Fast Radio Burst FRB 121102 as Seen on Milliarcsecond Angular Scales}",
  journal = {\apjl},
archivePrefix = "arXiv",
   eprint = {1701.01099},
 primaryClass = "astro-ph.HE",
 keywords = {radiation mechanisms: non-thermal, radio continuum: galaxies, techniques: high angular resolution },
     year = 2017,
    month = jan,
   volume = 834,
      eid = {L8},
    pages = {L8},
      doi = {10.3847/2041-8213/834/2/L8},
   adsurl = {http://adsabs.harvard.edu/abs/2017ApJ...834L...8M},
  adsnote = {Provided by the SAO/NASA Astrophysics Data System}
}


@ARTICLE{2017ApJ...834L...7T,
   author = {{Tendulkar}, S.~P. and {Bassa}, C.~G. and {Cordes}, J.~M. and 
	{Bower}, G.~C. and {Law}, C.~J. and {Chatterjee}, S. and {Adams}, E.~A.~K. and 
	{Bogdanov}, S. and {Burke-Spolaor}, S. and {Butler}, B.~J. and 
	{Demorest}, P. and {Hessels}, J.~W.~T. and {Kaspi}, V.~M. and 
	{Lazio}, T.~J.~W. and {Maddox}, N. and {Marcote}, B. and {McLaughlin}, M.~A. and 
	{Paragi}, Z. and {Ransom}, S.~M. and {Scholz}, P. and {Seymour}, A. and 
	{Spitler}, L.~G. and {van Langevelde}, H.~J. and {Wharton}, R.~S.
	},
    title = "{The Host Galaxy and Redshift of the Repeating Fast Radio Burst FRB 121102}",
  journal = {\apjl},
archivePrefix = "arXiv",
   eprint = {1701.01100},
 primaryClass = "astro-ph.HE",
 keywords = {galaxies: distances and redshifts, galaxies: dwarf, galaxies: ISM, stars: magnetars, stars: neutron},
     year = 2017,
    month = jan,
   volume = 834,
      eid = {L7},
    pages = {L7},
      doi = {10.3847/2041-8213/834/2/L7},
   adsurl = {http://adsabs.harvard.edu/abs/2017ApJ...834L...7T},
  adsnote = {Provided by the SAO/NASA Astrophysics Data System}
}

